<?xml version="1.0" encoding="UTF-8"?><collection xmlns="http://www.loc.gov/MARC21/slim"><record><leader>00426nam--2200145-i-4500</leader><controlfield tag="001">000006835</controlfield><controlfield tag="002">20161230</controlfield><controlfield tag="005">20161230201027</controlfield><controlfield tag="008">060222s1000------------r-----000-0-eng-d</controlfield><datafield ind1=" " ind2=" " tag="080"><subfield code="a">539.14</subfield></datafield><datafield ind1=" " ind2=" " tag="100"><subfield code="a">Baro, G.B., Seelmann-eggebert, W.E Zabala, I</subfield></datafield><datafield ind1=" " ind2=" " tag="245"><subfield code="a">Un isomero del rodio-106</subfield></datafield><datafield ind1=" " ind2=" " tag="260"><subfield code="a">Buenos Aires, Comision Nacional De La Energia Atomica, 1955 13 P</subfield></datafield><datafield ind1=" " ind2=" " tag="490"><subfield code="a">Publ.Serie Quimica, Vol.I, Nr.4)</subfield></datafield><datafield ind1=" " ind2=" " tag="852"><subfield code="a">19779</subfield></datafield></record></collection>